@book{holz2009learning,
  title={Learning more about the underground economy: A case-study of keyloggers and dropzones},
  author={Holz, Thorsten and Engelberth, Markus and Freiling, Felix},
  year={2009},
  publisher={Springer}
}

@misc{ linfo:xserver,
   author = "The Linux Information Project",
   title = "X Server Definition",
   year = "2006	",
   url = "http://www.linfo.org/x\_server.html",
   note = "[Online; accessed 9-February-2016]"
}


@misc{ securityintelligence:citadel,
   author = "DANA Tamir",
   title = "Cybercriminals Use Citadel to Compromise Password Management and Authentication Solutions",
   year = "2014	",
   url = "https://securityintelligence.com/cybercriminals-use-citadel-compromise-password-management-authentication-solutions/",
   note = "[Online; accessed 9-February-2016]"
 }

@misc{ wiki:unixsock,
   author = "Wikipedia",
   title = "Unix domain socket --- Wikipedia{,} The Free Encyclopedia",
   year = "2015",
   url = "https://en.wikipedia.org/w/index.php?title=Unix\_domain\_socket&oldid=694873614",
   note = "[Online; accessed 9-February-2016]"
}

@manual{linuxman:unix,
 title      = "unix(7) - sockets for local interprocess communication",
 year       = "2015",
 month      = "May",
}

@manual{linuxman:proc,
 title      = "proc(5) - process information pseudo-filesystem",
 year       = "2015",
 month      = "December",
}

 @misc{ wiki:setuidgid,
   author = "Wikipedia",
   title = "Setuid --- Wikipedia{,} The Free Encyclopedia",
   year = "2016",
   url = "https://en.wikipedia.org/w/index.php?title=Setuid\&oldid=703733877",
   note = "[Online; accessed 9-February-2016]"
 }
